% Encoding: UTF-8

@Electronic{sp800-145,
  author       = {Peter Mell and Timothy Grance},
  year         = {2011},
  note         = {[Access 2020-05-10]},
  title        = {The NIST Definition of Cloud Computing},
  url          = {https://doi.org/10.6028/NIST.SP.800-145},
}

@Electronic{sp800-190,
  author       = {Murugiah Souppaya and John Morello and Karen Scarfone},
  year         = {2017},
  note         = {[Access 2020-05-10]},
  title        = {Application Container Security Guide},
  url          = {https://doi.org/10.6028/NIST.SP.800-190},
}

@Electronic{hardeningGuide,
  author       = {{Rancher Labs}},
  year         = {2019},
  note         = {[Access 2020-05-10]},
  title        = {Hardening Guide - Rancher v2.3.x},
  url          = {https://rancher.com/docs/rancher/v2.x/en/security/hardening-2.3/},
}

@Electronic{terraformProvider,
  author       = {{Rancher Labs}},
  year         = {2019},
  note         = {[Access 2020-05-10]},
  title        = {Introducing the Rancher 2 Terraform Provider},
  url          = {https://rancher.com/blog/2019/rancher-2-terraform-provider/},
}

@Electronic{changeLog,
  author       = {{Rancher Labs}},
  year         = {2020},
  note         = {[Access 2020-05-10]},
  title        = {Rancher 2 Terraform Provider 1.8.3},
  url          = {https://github.com/terraform-providers/terraform-provider-rancher2/blob/master/CHANGELOG.md},
}

@Electronic{kubernetes,
  author       = {{The Linux Foundation}},
  year         = {2020},
  note         = {[Access 2020-05-10]},
  title        = {Production-Grade Container Orchestration},
  url          = {https://kubernetes.io/},
}

@Electronic{podSecurity,
  author       = {{The Linux Foundation}},
  year         = {2020},
  note         = {[Access 2020-05-10]},
  title        = {Pod Security Policies},
  url          = {https://kubernetes.io/docs/concepts/policy/pod-security-policy/},
}

@Electronic{netSecurity,
  author       = {{The Linux Foundation}},
  year         = {2020},
  note         = {[Access 2020-05-10]},
  title        = {Network Policies},
  url          = {https://kubernetes.io/docs/concepts/services-networking/network-policies/},
}

@Electronic{rancher,
  author       = {{Rancher Labs}},
  year         = {2020},
  note         = {[Access 2020-05-10]},
  title        = {Run Kubernetes Everywhere},
  url          = {https://rancher.com/},
}

@Electronic{terraform,
  author       = {HashiCorp},
  year         = {2020},
  note         = {[Access 2020-05-10]},
  title        = {Deliver infrastructure as code with Terraform},
  url          = {https://www.terraform.io/},
}

@Electronic{howMany,
  author       = {Daniel Weibel},
  year         = {2020},
  note         = {[Access 2020-05-10]},
  title        = {Architecting Kubernetes clusters - how many should you have?},
  url          = {https://learnk8s.io/how-many-clusters},
}

@Electronic{threatMatrix,
  author       = {Yossi Weizman},
  year         = {2020},
  note         = {[Access 2020-05-10]},
  title        = {Threat matrix for Kubernetes},
  url          = {https://www.microsoft.com/security/blog/2020/04/02/attack-matrix-kubernetes/},
}

@Electronic{deployAzure,
  author       = {Christian Frank},
  year         = {2020},
  note         = {[Access 2020-05-10]},
  title        = {Deploy Kubernetes Clusters on Microsoft Azure with Rancher},
  url          = {https://rancher.com/blog/2020/build-kubernetes-clusters-on-azure},
}

@Electronic{pronouns,
  author       = {Abigail Saguy and Juliet Williams},
  year         = {2020},
  note         = {[Access 2020-05-10]},
  title        = {Why We Should All Use They/Them Pronouns},
  url          = {https://blogs.scientificamerican.com/voices/why-we-should-all-use-they-them-pronouns/},
}

@Electronic{examplePsp,
  author       = {Jason Price},
  year         = {2020},
  note         = {[Access 2020-05-10]},
  title        = {Kubernetes - Pod Security Policies},
  url          = {https://developer.squareup.com/blog/kubernetes-pod-security-policies/},
}

@Electronic{falcoPsp,
  author       = {Pawan Shankar},
  year         = {2020},
  note         = {[Access 2020-05-10]},
  title        = {Runtime Security in Rancher with Falco},
  url          = {https://rancher.com/blog/2020/runtime-security-with-falco},
}

@Electronic{detailPsp,
  author       = {Alvaro Iradier},
  year         = {2020},
  note         = {[Access 2020-05-10]},
  title        = {Enhancing Kubernetes Security with Pod Security Policies},
  url          = {https://rancher.com/blog/2020/pod-security-policies-part-2},
}

@Electronic{technicalArchitecture,
  author       = {{Rancher Labs}},
  year         = {2020},
  note         = {[Access 2020-05-10]},
  title        = {Rancher 2.4 Technical Architecture},
  url          = {https://info.rancher.com/rancher2-technical-architecture},
}

@Electronic{previousPaper,
  author       = {Christian Frank},
  year         = {2020},
  note         = {[Access 2020-05-10]},
  title        = {Multi-Cluster Management fuer Containerumgebungen},
  url          = {https://storage.googleapis.com/bucket.chfrank.net/Managing%20multiple%20clusters%20for%20container%20run-time%20environments.pdf},
}

@Comment{jabref-meta: databaseType:bibtex;}
